@book{strogatz2018nonlinear,
    title={Nonlinear Dynamics and Chaos: With Applications to Physics, Biology, Chemistry, and Engineering},
    author={Strogatz, Steven H.},
    isbn={9780429961113},
    year={2018},
    publisher={CRC Press}
}

@book{ChaosPC,
    address = {Berlin},
    author = {Korsch, H.J. and Jodl, H.J. and Hartmann, T.},
    description = {a program collection for the PC ; with many numerical experiments},
    edition = {3},
    isbn = {978-3-540-74866-3},
    url={https://link.springer.com/book/10.1007/978-3-540-74867-0},
    publisher = {Springer},
    title={Chaos: A Program Collection for the PC},
    year = 2008
}

@article{squareDblPendulum,
    title={Dynamics of a double pendulum with distributed mass},
    volume={77},
    ISSN={1943-2909},
    %url={http://dx.doi.org/10.1119/1.3052072},
    DOI={10.1119/1.3052072},
    number={3},
    journal={American Journal of Physics},
    publisher={American Association of Physics Teachers (AAPT)},
    author={Rafat, M. Z. and Wheatland, M. S. and Bedding, T. R.},
    year={2009},
    month={3},
    pages={216â€“223}
}

@article{STACHOWIAK2006417,
    title = {A numerical analysis of chaos in the double pendulum},
    journal = {Chaos, Solitons and Fractals},
    volume = {29},
    number = {2},
    pages = {417-422},
    year = {2006},
    issn = {0960-0779},
    doi = {https://doi.org/10.1016/j.chaos.2005.08.032},
    %url = {https://www.sciencedirect.com/science/article/pii/S0960077905006703},
    author = {Stachowiak, T. and Okada, T.},
}

@online{enwikiDoublePendulum,
    author = {Wikipedia contributors},
    title = {Double pendulum --- Wikipedia},
    year = {2021},
    url = {https://en.wikipedia.org/wiki/Double_pendulum},
    urldate = {2022-11-01}
}

@article{DoublePendulum3D,
    author = {O'Connor, William and Habibi, Hossein},
    year = {2013},
    month = {07},
    pages = {251-261},
    title = {Gantry crane control of a double-pendulum, distributed-mass load, using mechanical wave concept},
    volume = {4},
    journal = {Mechanical Sciences},
    doi = {10.5194/ms-4-251-2013}
}

@online{codeproject,
    author = {Foerster W.},
    title = {DoublePendulum: A WPF 3D Simulation to Inspect the Dynamics of a Double Pendulum},
    year = {2016},
    url = {https://www.codeproject.com/Articles/1098111/DoublePendulum-A-WPF-D-Simulation-to-Inspect-the-D},
    urldate = {2022-11-01}
}

@mastersthesis{mastersthesis,
  author       = {Kubacki M.}, 
  title        = {Dynamics of Coupled Double Pendulums},
  school       = {Technical University of Lodz},
  year         = {2011},
  url          = {http://www.team.kdm.p.lodz.pl/master/Kubacki.pdf}
}